<record><leader>00000cas a22000007a 4500</leader><controlfield tag="001">37624507</controlfield><controlfield tag="008">970915u1921uuuusdumn ne      0    0eng d</controlfield><datafield ind1=" " ind2=" " tag="010"><subfield code="a">sn 97065863 </subfield></datafield><datafield ind1=" " ind2=" " tag="040"><subfield code="a">SXN</subfield><subfield code="b">eng</subfield><subfield code="c">SXN</subfield><subfield code="d">OCLCQ</subfield><subfield code="d">OCLCO</subfield></datafield><datafield ind1="1" ind2=" " tag="029"><subfield code="a">AU@</subfield><subfield code="b">000013497259</subfield></datafield><datafield ind1=" " ind2=" " tag="042"><subfield code="a">msc</subfield></datafield><datafield ind1=" " ind2=" " tag="043"><subfield code="a">n-us-sd</subfield></datafield><datafield ind1="0" ind2=" " tag="130"><subfield code="a">Dandelion (Caputa, S.D.)</subfield></datafield><datafield ind1="1" ind2="4" tag="245"><subfield code="a">The dandelion.</subfield></datafield><datafield ind1=" " ind2=" " tag="260"><subfield code="a">Caputa, S.D. :</subfield><subfield code="b">Caputa High School</subfield></datafield><datafield ind1=" " ind2=" " tag="300"><subfield code="a">v.</subfield></datafield><datafield ind1=" " ind2=" " tag="310"><subfield code="a">Monthly (except summers)</subfield></datafield><datafield ind1="0" ind2=" " tag="362"><subfield code="a">Vol. 1, no. 1 (Oct. 7, 1921)-</subfield></datafield><datafield ind1=" " ind2=" " tag="530"><subfield code="a">Available on microfilm from: State Archives, South Dakota State Historical Society.</subfield></datafield><datafield ind1=" " ind2="0" tag="651"><subfield code="a">Caputa (S.D.)</subfield><subfield code="x">Student newspapers and periodicals.</subfield></datafield><datafield ind1=" " ind2="0" tag="651"><subfield code="a">Pennington County (S.D.)</subfield><subfield code="x">Student newspapers and periodicals.</subfield></datafield><datafield ind1="2" ind2=" " tag="710"><subfield code="a">Caputa High School.</subfield></datafield><datafield ind1=" " ind2=" " tag="752"><subfield code="a">United States</subfield><subfield code="b">South Dakota</subfield><subfield code="c">Pennington</subfield><subfield code="d">Caputa.</subfield></datafield></record>